@book{fergizer,
        author = "Joel H. Ferziger",
        title = "{\em Computational Methods for Fluid Dynamics}",
        publisher = "Springer",
        year = 2001,
        address = "New York"}

@misc{redblack,
        author = "George Em Karniadakis and Robert M. Kirby",
	title = "{\em {P}arallel ({B}lack-{R}ed) {G}auss-{S}iedel {A}lgorithm}",
	year = 2000,
        howpublished = {\url{http://www.cfm.brown.edu/people/gk/chap7/node18.html}},
	note = "Accessed: March 22, 2016"}

@misc{Reynolds_Transport,
        author = "Leon van Dommelen",
        title = "{\em {T}he {R}eynolds {T}ransport {T}heorem}",
        year = 1997,
        howpublished = {\url{http://www.eng.fsu.edu/~dommelen/courses/flm/rey_tran/}},
        note = "Accessed: April 14, 2016"}

@misc{drag_force,
        author = "M. Sadraey",
	title = "{\em {D}rag {F}orce and {D}rag {C}oefficient}",
	year = 2009,
	howpublished = {\url{http://faculty.dwc.edu/sadraey/Chapter 3. Drag Force and its Coefficient.pdf}},
	note = "Accessed: April 10, 2016"}

@misc{incompressible,
       author = "Autodesk",
       title = "{\em {C}ompressible {F}low}",
       year = 2014,
       howpublished = {\url{http://help.autodesk.com/cloudhelp/2014/ITA/SimCFD/files/GUID-620F44CE-9506-4C48-9E9C-6C689345B008.htm}},
       note = "Accessed: April 20, 2016"}